@article {Cosnidine84,
AUTHOR = {Cosnidine, V.},
TITLE = {Digital complex sampling},
PUBLISHER = {IEEE Xplore},
ADDRESS = {Birmingham},
YEAR = {1984}
}
@article {Doolittle06,
AUTHOR = {Doolittle, Larry},
TITLE = {Digital Low-Level RF control using non-IQ sampling},
PUBLISHER = {LINAC 2006},
ADDRESS = {Knoxville},
YEAR = {2006}
}
